<record><leader>00000cas a22000007a 4500</leader><controlfield tag="001">12546181</controlfield><controlfield tag="008">850913d18921931utudn ne      0    0eng d</controlfield><datafield ind1=" " ind2=" " tag="010"><subfield code="a">sn 85058242 </subfield></datafield><datafield ind1=" " ind2=" " tag="040"><subfield code="a">UNP</subfield><subfield code="b">eng</subfield><subfield code="c">UNP</subfield><subfield code="d">NJW</subfield><subfield code="d">UBY</subfield><subfield code="d">OCLCQ</subfield><subfield code="d">OCLCF</subfield><subfield code="d">OCLCO</subfield></datafield><datafield ind1=" " ind2=" " tag="042"><subfield code="a">msc</subfield></datafield><datafield ind1=" " ind2=" " tag="043"><subfield code="a">n-us-ut</subfield></datafield><datafield ind1="0" ind2=" " tag="130"><subfield code="a">Journal (Logan, Utah)</subfield></datafield><datafield ind1="1" ind2="4" tag="245"><subfield code="a">The journal.</subfield></datafield><datafield ind1="1" ind2="7" tag="246"><subfield code="a">Tri-weekly journal</subfield></datafield><datafield ind1="1" ind2="7" tag="246"><subfield code="a">Triweekly journal</subfield></datafield><datafield ind1=" " ind2=" " tag="260"><subfield code="a">Logan City, Utah :</subfield><subfield code="b">Logan Journal Co.,</subfield><subfield code="c">1892-</subfield></datafield><datafield ind1=" " ind2=" " tag="300"><subfield code="a">v. :</subfield><subfield code="b">ill. ;</subfield><subfield code="c">55 cm.</subfield></datafield><datafield ind1=" " ind2=" " tag="310"><subfield code="a">Daily (except Sunday),</subfield><subfield code="b">Jan. 1, 1917-</subfield></datafield><datafield ind1=" " ind2=" " tag="321"><subfield code="a">Semiweekly,</subfield><subfield code="b">&lt;Mar. 1, 1895&gt;</subfield></datafield><datafield ind1=" " ind2=" " tag="321"><subfield code="a">Triweekly,</subfield><subfield code="b">Mar. 5, 1895-Dec. 30, 1916</subfield></datafield><datafield ind1="0" ind2=" " tag="362"><subfield code="a">Vol. 11, no. 1 (Jan. 6, 1891 [i.e. 1892])-</subfield></datafield><datafield ind1="1" ind2=" " tag="362"><subfield code="a">Ceased in July 1931?</subfield><subfield code="z">Cf. Alter, J.C. Early Utah journalism.</subfield></datafield><datafield ind1=" " ind2=" " tag="500"><subfield code="a">"THE Democratic organ."</subfield></datafield><datafield ind1=" " ind2=" " tag="515"><subfield code="a">Vol. 11, no. 75-76 omitted in numbering; some numbers incorrectly numbered.</subfield></datafield><datafield ind1=" " ind2=" " tag="525"><subfield code="a">Supplements accompany some issues.</subfield></datafield><datafield ind1=" " ind2="0" tag="651"><subfield code="a">Logan (Utah)</subfield><subfield code="v">Newspapers.</subfield></datafield><datafield ind1=" " ind2="0" tag="651"><subfield code="a">Cache County (Utah)</subfield><subfield code="v">Newspapers.</subfield></datafield><datafield ind1=" " ind2="7" tag="655"><subfield code="a">Newspapers.</subfield><subfield code="2">fast</subfield><subfield code="0">(OCoLC)fst01423814</subfield></datafield><datafield ind1=" " ind2="7" tag="651"><subfield code="a">Utah</subfield><subfield code="z">Cache County.</subfield><subfield code="2">fast</subfield><subfield code="0">(OCoLC)fst01218492</subfield></datafield><datafield ind1=" " ind2="7" tag="651"><subfield code="a">Utah</subfield><subfield code="z">Logan.</subfield><subfield code="2">fast</subfield><subfield code="0">(OCoLC)fst01211926</subfield></datafield><datafield ind1=" " ind2=" " tag="752"><subfield code="a">United States</subfield><subfield code="b">Utah</subfield><subfield code="c">Cache</subfield><subfield code="d">Logan.</subfield></datafield><datafield ind1="0" ind2="0" tag="780"><subfield code="t">Logan journal</subfield><subfield code="w">(DLC)sn 85058239</subfield><subfield code="w">(OCoLC)12487014</subfield></datafield><datafield ind1="0" ind2="7" tag="785"><subfield code="t">Cache Valley daily herald</subfield><subfield code="w">(DLC)sn 85058235</subfield><subfield code="w">(OCoLC)12486976</subfield></datafield><datafield ind1="0" ind2="7" tag="785"><subfield code="t">Daily herald and journal</subfield><subfield code="w">(DLC)sn 85058236</subfield><subfield code="w">(OCoLC)12486986</subfield></datafield></record>